@misc{ref:apache_wave_about,
      author = "Apache",
      title = "{Apache Wave (Incubating)}",
      howpublished = "\\\url{http://incubator.apache.org/wave/about.html}"
}
                  
@article{ref:xmpp,
  title={Extensible messaging and presence protocol (XMPP): Core},
  author={Saint-Andre, Peter},
  year={2011},
  note = "\\RFC 6120 Available at \url{http://tools.ietf.org/html/rfc6120}"
}
                  
@misc{ref:wave_federated_protocol,
      author = "Google",
      title = "{Wave Federated Protocol}",
      howpublished = "\\\url{http://www.waveprotocol.org/protocol/draft-protocol-specs}"
}

@article{ref:federating_websites_google_wave,
    author  = "Torben Weis and Arno Wacker",
    title   = "{F}ederating {W}ebsites with the {G}oogle {W}ave {P}rotocol",
    year    = "2011",
    journal = "Internet Computing, IEEE",
    volume  = "15",
    number  = "3",
    pages   = "51--58"
}

@book{ref:wave_guide,
  title={The complete guide to Google Wave},
  author={Trapani, Gina and Pash, Adam},
  year={2010},
  publisher={3ones Inc}
}

@misc{ref:p2pvalue,
    note = "{Primavera De Filippi et al, Technical Report D1.3: Guidelines on design settings: Guidelines on institutional design settings, value metrics and value rewards systems, and CBPP software platform features. Public Deliverable, P2Pvalue Project (FP7-ICT-2013-10, 2013-2016, grant \#610961), will be available in http://p2pvalue.eu)}",
    author = "",
    title = ""
}


@misc{ref:wave_federation_protocol,
    author = "Google",
    title = "{Wave Protocol}",
    howpublished = "\\\url{http://www.waveprotocol.org/federation}"
}

@misc{ref:wave_white_paper,
    author = "Google",
    title = "{Google Wave Federation Architecture White Paper}",
    howpublished = "\\\url{http://wave-protocol.googlecode.com/hg/whitepapers/google-wave-architecture/google-wave-architecture.html}"
}

@misc{ref:wave_over_xmpp,
    author = "Google",
    title = "{Google Wave Federation Protocol Over XMPP}",
    howpublished = "\\\url{http://wave-protocol.googlecode.com/hg/spec/federation/wavespec.html}"
}

@article{ref:uml,
  title="{Business modeling with UML}",
  author={Eriksson, Hans-Erik and Penker, Magnus},
  journal={Business Patterns at Work. New York et al},
  pages={17ff},
  year={2000}
}

@misc{ref:google_docs,
    author = "",
    title = "{Google Docs}",
    howpublished = "\\\url{https://drive.google.com/}"
}

@misc{ref:google_plus,
    author = "",
    title = "{Google+}",
    howpublished = "\\\url{https://plus.google.com/}"
}

@book{ref:gwt,
  title={Google web toolkit for ajax},
  author={Perry, Bruce W},
  year={2007},
  publisher={" O'Reilly Media, Inc."}
}


@misc{ref:eclipse,
    author = "",
    title = "{Eclipse}",
    howpublished = "\\\url{http://www.eclipse.org/}"
}

@misc{ref:openjdk,
    author = "",
    title = "{OpenJDK}",
    howpublished = "\\\url{http://openjdk.java.net/}"
}

@misc{ref:jetty,
    author = "",
    title = "{Jetty}",
    howpublished = "\\\url{http://www.eclipse.org/jetty/}"
}

@misc{ref:tomcat,
    author = "Apache",
    title = "{Tomcat}",
    howpublished = "\\\url{http://tomcat.apache.org/}"
}


@misc{ref:kune,
    author = "",
    title = "{Kune}",
    howpublished = "\\\url{http://kune.ourproject.org/}"
}

@misc{ref:comunes,
    author = "",
    title = "{Comunes}",
    howpublished = "\\\url{http://comunes.org/}"
}
